@article{Ansari.Jeong_2020,
  title = {A Novel Composite Pinfin Heat Sink for Hotspot Mitigation},
  shorttitle = {🔤{{一种新型的复合Pinfin散热器}}，用于减轻热点},
  author = {Ansari, Danish and Jeong, Ji Hwan},
  year = {2020},
  month = aug,
  journal = {International Journal of Heat and Mass Transfer},
  series = {{{EI}}},
  volume = {156},
  pages = {119843},
  issn = {0017-9310},
  doi = {10.1016/j.ijheatmasstransfer.2020.119843},
  copyright = {5.428},
  language = {en},
  lccn = {5.4314},
  issue_date = {2020-08-01}
}

@article{Ansari.Jeong_2021,
  title = {A Silicon-Diamond Microchannel Heat Sink for Die-Level Hotspot Thermal Management},
  shorttitle = {🔤硅钻石微通道散热器，用于模具级热点热管理},
  author = {Ansari, Danish and Jeong, Ji Hwan},
  year = {2021},
  month = jul,
  journal = {Applied Thermal Engineering},
  volume = {194},
  pages = {117131},
  issn = {1359-4311},
  doi = {10.1016/j.applthermaleng.2021.117131},
  copyright = {5.906},
  language = {en},
  lccn = {6.4650},
  issue_date = {2021-07-25}
}

@article{Ansari.Kim_2018,
  title = {Hotspot Thermal Management Using a Microchannel-Pinfin Hybrid Heat Sink},
  shorttitle = {🔤热点使用microchannel-Pinfin混合散热器热管理},
  author = {Ansari, Danish and Kim, Kwang-Yong},
  year = {2018},
  month = dec,
  journal = {International Journal of Thermal Sciences},
  series = {{{EI}}},
  volume = {134},
  pages = {27--39},
  issn = {1290-0729},
  doi = {10.1016/j.ijthermalsci.2018.07.043},
  copyright = {4.571},
  language = {en},
  lccn = {4.7790},
  issue_date = {2018-12-01}
}

@article{Ansari.Kim_2019,
  title = {Hotspot Management Using a Hybrid Heat Sink with Stepped Pin-Fins},
  shorttitle = {🔤热点管理，使用带有垫脚针脚的混合散热器管理，{{使用STEPPED PIN-FINS}}},
  author = {Ansari, Danish and Kim, Kwang-Yong},
  year = {2019},
  month = mar,
  journal = {Numerical Heat Transfer, Part A: Applications},
  series = {{{EI}}},
  volume = {75},
  number = {6},
  pages = {359--380},
  publisher = {{Taylor \& Francis}},
  issn = {1040-7782},
  doi = {10.1080/10407782.2019.1599272},
  copyright = {2.330},
  annotation = {\_eprint: https://doi.org/10.1080/10407782.2019.1599272},
  issue_date = {2019-03-19}
}

@article{Bahiraei.Jamshidmofid.ea_2019,
  title = {Efficacy of a Hybrid Nanofluid in a New Microchannel Heat Sink Equipped with Both Secondary Channels and Ribs},
  shorttitle = {🔤混合纳米流体在配备二次通道和肋骨的新微通道散热器中的功效},
  author = {Bahiraei, Mehdi and Jamshidmofid, Mohammad and Goodarzi, Marjan},
  year = {2019},
  month = jan,
  journal = {Journal of Molecular Liquids},
  series = {{{EI}}},
  volume = {273},
  pages = {88--98},
  issn = {0167-7322},
  doi = {10.1016/j.molliq.2018.10.003},
  copyright = {6.132},
  language = {en},
  lccn = {6.6330},
  issue_date = {2019-01-01}
}

@article{Bhandari.Prajapati_2021,
  title = {Thermal Performance of Open Microchannel Heat Sink with Variable Pin Fin Height},
  shorttitle = {🔤开放微通道散热器的热性能，带有可变的引脚鳍高度},
  author = {Bhandari, Prabhakar and Prajapati, Yogesh K.},
  year = {2021},
  month = jan,
  journal = {International Journal of Thermal Sciences},
  volume = {159},
  pages = {106609},
  issn = {1290-0729},
  doi = {10.1016/j.ijthermalsci.2020.106609},
  copyright = {4.571},
  language = {en},
  lccn = {4.7790},
  issue_date = {2021-01-01}
}

@article{Chai.Xia.ea_2011,
  title = {Numerical Simulation of Fluid Flow and Heat Transfer in a Microchannel Heat Sink with Offset Fan-Shaped Reentrant Cavities in Sidewall},
  shorttitle = {🔤微通道散热器中的流体流量和热传递的数值模拟，侧壁的偏移风扇形状腔},
  author = {Chai, Lei and Xia, Guodong and Zhou, Mingzheng and Li, Jian},
  year = {2011},
  month = may,
  journal = {International Communications in Heat and Mass Transfer},
  volume = {38},
  number = {5},
  pages = {577--584},
  issn = {0735-1933},
  doi = {10.1016/j.icheatmasstransfer.2010.12.037},
  copyright = {6.390},
  language = {en},
  lccn = {6.7824},
  issue_date = {2011-05-01}
}

@article{Chen.Hou.ea_2021,
  title = {Design, Integration and Performance Analysis of a Lid-Integral Microchannel Cooling Module for High-Power Chip},
  shorttitle = {🔤大功率芯片盖集成式微通道冷却模块的设计、集成及性能分析},
  author = {Chen, Chuan and Hou, Fengze and Ma, Rui and Su, Meiying and Li, Jun and Cao, Liqiang},
  year = {2021},
  month = nov,
  journal = {Applied Thermal Engineering},
  volume = {198},
  pages = {117457},
  issn = {13594311},
  doi = {10.1016/j.applthermaleng.2021.117457},
  copyright = {5.906},
  language = {en},
  lccn = {6.4650},
  issue_date = {11/2021}
}

@article{Dehghan.AzariNesaz.ea_2021,
  title = {On the Forced Convective Flow inside Thermal Collectors Enhanced by Porous Media: From Macro to Micro-Channels},
  shorttitle = {🔤多孔介质强化的集热器内部强制对流流动：从宏观到微观通道},
  author = {Dehghan, Maziar and Azari Nesaz, Zahra and Pourrajabian, Abolfazl and Rashidi, Saman},
  year = {2021},
  month = aug,
  journal = {International Journal of Numerical Methods for Heat \& Fluid Flow},
  volume = {31},
  number = {8},
  pages = {2462--2483},
  issn = {0961-5539, 0961-5539},
  doi = {10.1108/HFF-11-2020-0722},
  copyright = {3.924},
  language = {en},
  lccn = {5.1813},
  issue_date = {2021-08-10}
}

@article{Dehghan.Vajedi.ea_2020,
  title = {Pumping Power and Heat Transfer Rate of Converging Microchannel Heat Sinks: Errors Associated with the Temperature Dependency of Nanofluids},
  shorttitle = {🔤收敛型微通道热沉的泵浦功率和传热速率：与纳米流体温度依赖性相关的误差},
  author = {Dehghan, M. and Vajedi, H. and Daneshipour, M. and Pourrajabian, A. and Rahgozar, S. and Ilis, G. G.},
  year = {2020},
  month = may,
  journal = {Journal of Thermal Analysis and Calorimetry},
  volume = {140},
  number = {3},
  pages = {1267--1275},
  issn = {1588-2926},
  doi = {10.1007/s10973-019-09020-y},
  copyright = {3.641},
  language = {en},
  lccn = {4.7552},
  issue_date = {2020-05-01}
}

@article{Deng.Ahmad.ea_2022,
  title = {Improving Boiling Heat Transfer with Hydrophilic/Hydrophobic Patterned Flat Surface: {{A}} Molecular Dynamics Study},
  shorttitle = {🔤用亲水/疏水图案扁平表面改善沸腾热传递：一项分子动力学研究},
  author = {Deng, Wei and Ahmad, Shakeel and Liu, Huaqiang and Chen, Jingtan and Zhao, Jiyun},
  year = {2022},
  month = jan,
  journal = {International Journal of Heat and Mass Transfer},
  volume = {182},
  pages = {121974},
  issn = {0017-9310},
  doi = {10.1016/j.ijheatmasstransfer.2021.121974},
  copyright = {5.428},
  language = {en},
  lccn = {5.4314},
  issue_date = {2022-01-01}
}

@article{Derakhshanpour.Kamali.ea_2020,
  title = {Effect of Rib Shape and Fillet Radius on Thermal-Hydrodynamic Performance of Microchannel Heat Sinks: {{A CFD}} Study},
  shorttitle = {🔤肋骨形状和圆角半径对微通道散热器的热流动力性能的影响：{{CFD研究}}},
  author = {Derakhshanpour, K. and Kamali, R. and Eslami, M.},
  year = {2020},
  month = dec,
  journal = {International Communications in Heat and Mass Transfer},
  volume = {119},
  pages = {104928},
  issn = {0735-1933},
  doi = {10.1016/j.icheatmasstransfer.2020.104928},
  copyright = {6.390},
  language = {en},
  lccn = {6.7824},
  issue_date = {2020-12-01}
}

@inproceedings{DeSousa.Fulmek.ea_2017,
  title = {Embedded Heat Pipes as Thermal Solution for {{PCBs}}},
  shorttitle = {🔤{{嵌入式热管作为PCB的散热解决方案}}},
  booktitle = {2017 {{International Conference}} on {{Electronics Packaging}} ({{ICEP}})},
  author = {{de Sousa}, J. Silvano and Fulmek, P. L. and Unger, M. and Haumer, P. and Nicolics, J.},
  year = {2017},
  month = apr,
  pages = {394--398},
  publisher = {{IEEE}},
  address = {{Yamagata, Japan}},
  doi = {10.23919/ICEP.2017.7939403},
  isbn = {978-4-9902188-3-6},
  language = {en},
  issue_date = {4/2017}
}

@article{Duwei.Min.ea_2016,
  title = {Heat Transfer Performance of Microchannels in {{LTCC}} Substrate},
  author = {Duwei, Hu and Min, Miao and Runiu, Fang and Xiaole, Cui and Yufeng, Jin},
  year = {2016},
  month = jun,
  journal = {High Power Laser and Particle Beams},
  volume = {28},
  number = {06},
  pages = {064126},
  publisher = {{强激光与粒子束}},
  issn = {1001-4322},
  doi = {10.11884/HPLPB201628.064126},
  copyright = {0.416},
  language = {en},
  lccn = {0.605},
  issue_date = {2016-06-15}
}

@article{ElGhandouri.ElMaakoul.ea_2020,
  title = {Design and Numerical Investigations of Natural Convection Heat Transfer of a New Rippling Fin Shape},
  shorttitle = {🔤新的波纹鳍形状的自然对流热传递的设计和数值研究},
  author = {El Ghandouri, Ihssane and El Maakoul, Anas and Saadeddine, Said and Meziane, Mohamed},
  year = {2020},
  month = sep,
  journal = {Applied Thermal Engineering},
  series = {{{EI}}},
  volume = {178},
  pages = {115670},
  issn = {1359-4311},
  doi = {10.1016/j.applthermaleng.2020.115670},
  copyright = {5.906},
  language = {en},
  lccn = {6.4650},
  issue_date = {2020-09-01}
}

@article{Feng.Hu.ea_2021,
  title = {Effects of Geometric Parameters of Circular Pin-Fins on Fluid Flow and Heat Transfer in an Interrupted Microchannel Heat Sink},
  shorttitle = {🔤循环销钉的几何参数对中断的微通道散热器中流体流量和热传递的影响，},
  author = {Feng, Zhenfei and Hu, Zhenjun and Lan, Yongqi and Huang, Zuqiang and Zhang, Jinxin},
  year = {2021},
  month = jul,
  journal = {International Journal of Thermal Sciences},
  series = {{{EI}}},
  volume = {165},
  pages = {106956},
  issn = {1290-0729},
  doi = {10.1016/j.ijthermalsci.2021.106956},
  copyright = {4.571},
  language = {en},
  lccn = {4.7790},
  issue_date = {2021-07-01}
}

@article{Ghani.Sidik.ea_2017,
  title = {Heat Transfer Enhancement in Microchannel Heat Sink Using Hybrid Technique of Ribs and Secondary Channels},
  shorttitle = {🔤热传递在微通道散热器中使用肋骨和次要通道的混合动力技术在微通道散热器中增强效果。1505},
  author = {Ghani, Ihsan Ali and Sidik, Nor Azwadi Che and Mamat, Rizal and Najafi, G. and Ken, Tan Lit and Asako, Yutaka and Japar, Wan Mohd Arif Aziz},
  year = {2017},
  month = nov,
  journal = {International Journal of Heat and Mass Transfer},
  series = {{{EI}}},
  volume = {114},
  pages = {640--655},
  issn = {0017-9310},
  doi = {10.1016/j.ijheatmasstransfer.2017.06.103},
  copyright = {5.428},
  language = {en},
  lccn = {5.4314},
  issue_date = {2017-11-01}
}

@article{Gong.Zhao.ea_2015,
  title = {Numerical Study on Layout of Micro-Channel Heat Sink for Thermal Management of Electronic Devices},
  shorttitle = {🔤关于用于电子设备热管理的微通道散热器布局的数值研究},
  author = {Gong, Liang and Zhao, Jin and Huang, Shanbo},
  year = {2015},
  month = sep,
  journal = {Applied Thermal Engineering},
  series = {Special {{Issue}} for {{International Heat Transfer Symposium}} 2014},
  volume = {88},
  pages = {480--490},
  issn = {1359-4311},
  doi = {10.1016/j.applthermaleng.2014.09.048},
  copyright = {5.906},
  language = {en},
  lccn = {6.4650},
  issue_date = {2015-09-05}
}

@article{Guo.Zhu.ea_2007,
  title = {Entransy\textemdash{{A}} Physical Quantity Describing Heat Transfer Ability},
  shorttitle = {🔤{{Entransy-A物理量描述传热能力}}},
  author = {Guo, Zeng-Yuan and Zhu, Hong-Ye and Liang, Xin-Gang},
  year = {2007},
  month = jul,
  journal = {International Journal of Heat and Mass Transfer},
  series = {{{EI}}},
  volume = {50},
  number = {13},
  pages = {2545--2556},
  issn = {0017-9310},
  doi = {10.1016/j.ijheatmasstransfer.2006.11.034},
  copyright = {5.428},
  language = {en},
  lccn = {5.4314},
  issue_date = {2007-07-01}
}

@article{Hotchandani.Mathew.ea_2021,
  title = {Thermo-Hydraulic Characteristics of Novel {{MEMS}} Heat Sink},
  shorttitle = {🔤{{新型MEMS散热器的热湿度特性}}},
  author = {Hotchandani, Vaibhav and Mathew, Bobby and Yesudasan, Sumith and Chacko, Sibi},
  year = {2021},
  month = jan,
  journal = {Microsystem Technologies},
  volume = {27},
  number = {1},
  pages = {145--157},
  issn = {1432-1858},
  doi = {10.1007/s00542-020-04933-3},
  language = {en},
  issue_date = {2021-01-01}
}

@article{Huang.Pan_2021,
  title = {Secondary Heat Transfer Enhancement Design of Variable Cross-Section Microchannels Based on Entransy Analysis},
  shorttitle = {🔤基于进入分析的可变横截面微通道的次级传热增强设计},
  author = {Huang, Pingnan and Pan, Minqiang},
  year = {2021},
  month = may,
  journal = {Renewable and Sustainable Energy Reviews},
  series = {{{EI}}},
  volume = {141},
  pages = {110834},
  issn = {1364-0321},
  doi = {10.1016/j.rser.2021.110834},
  copyright = {14.916},
  language = {en},
  lccn = {16.80},
  issue_date = {2021-05-01}
}

@article{Jamshidmofid.Bahiraei_2022,
  title = {Thermohydraulic Assessment of a Novel Hybrid Nanofluid Containing Cobalt Oxide-Decorated Reduced Graphene Oxide Nanocomposite in a Microchannel Heat Sink with Sinusoidal Cavities and Rectangular Ribs},
  shorttitle = {🔤热氢化评估的热杂种纳米流体含有氧化钴装饰的含氧化石墨烯氧化石墨烯纳米复合材料，在带正弦腔和矩形肋骨的微通道散热器中},
  author = {Jamshidmofid, Mohammad and Bahiraei, Mehdi},
  year = {2022},
  month = feb,
  journal = {International Communications in Heat and Mass Transfer},
  volume = {131},
  pages = {105769},
  issn = {0735-1933},
  doi = {10.1016/j.icheatmasstransfer.2021.105769},
  copyright = {6.390},
  language = {en},
  lccn = {6.7824},
  issue_date = {2022-02-01}
}

@article{Lau_2022,
  title = {Recent {{Advances}} and {{Trends}} in {{Advanced Packaging}}},
  author = {Lau, John H.},
  year = {2022},
  journal = {IEEE Transactions on Components, Packaging and Manufacturing Technology},
  volume = {12},
  number = {2},
  pages = {228--252},
  issn = {2156-3985},
  doi = {10.1109/TCPMT.2022.3144461},
  issue_date = {2022}
}

@article{Li.Sun.ea_2023,
  title = {Flow and Heat Transfer Performance of Array Finned Channel Coupled Jet Heat Sink},
  author = {Li, Zhiwei and Sun, Jian and Li, Jie and Fan, Bin and Zhong, Ming and Jiang, Nan and Wang, Weihan and Wang, Yanxiang},
  year = {2023},
  month = feb,
  journal = {Applied Thermal Engineering},
  volume = {221},
  pages = {119813},
  issn = {1359-4311},
  doi = {10.1016/j.applthermaleng.2022.119813},
  copyright = {5.9062},
  language = {en},
  lccn = {6.4650},
  issue_date = {2023-02-25}
}

@inproceedings{Liu.Jin.ea_2016,
  title = {Optimization of Heat Transfer of Microchannels in {{LTCC}} Substrate with via Holes and Liquid Metal},
  booktitle = {2016 17th {{International Conference}} on {{Electronic Packaging Technology}} ({{ICEPT}})},
  author = {Liu, Nian and Jin, Yufeng and Miao, Min and Cui, Xiaole},
  year = {2016},
  month = aug,
  pages = {1135--1139},
  doi = {10.1109/ICEPT.2016.7583325},
  language = {en},
  issue_date = {2016-08}
}

@article{Liu.Zhang.ea_2019,
  title = {Effects of Structural Parameters on Fluid Flow and Heat Transfer in a Serpentine Microchannel with Fan-Shaped Reentrant Cavities},
  shorttitle = {🔤结构参数对流体流动和热传递的影响带有风扇形的再入侵腔的五旬节微通道},
  author = {Liu, Xianfei and Zhang, Hui and Zhu, Caixia and Wang, Fang and Li, Zhiqiang},
  year = {2019},
  month = mar,
  journal = {Applied Thermal Engineering},
  volume = {151},
  pages = {406--416},
  issn = {1359-4311},
  doi = {10.1016/j.applthermaleng.2019.02.033},
  copyright = {5.906},
  language = {en},
  lccn = {6.4650},
  issue_date = {2019-03-25}
}

@article{Lu.Yang.ea_2021,
  title = {Hotspot Thermal Management in Microchannel Heat Sinks with Vortex Generators},
  shorttitle = {🔤微通道散热器中的热点热管理与涡流发生器},
  author = {Lu, Gaofeng and Yang, Jianrong and Zhai, Xiaoqiang and Wang, Xiaolin},
  year = {2021},
  month = mar,
  journal = {International Journal of Thermal Sciences},
  series = {{{EI}}},
  volume = {161},
  pages = {106727},
  issn = {1290-0729},
  doi = {10.1016/j.ijthermalsci.2020.106727},
  copyright = {4.571},
  language = {en},
  lccn = {4.7790},
  issue_date = {2021-03-01}
}

@inproceedings{Manda.Peles.ea_2021,
  title = {Comparison of Heat Transfer Characteristics of Flow of Supercritical Carbon Dioxide and Water inside a Square Microchannel},
  shorttitle = {🔤方形微通道内超临界二氧化碳与水流动换热特性对比},
  booktitle = {2021 20th {{IEEE Intersociety Conference}} on {{Thermal}} and {{Thermomechanical Phenomena}} in {{Electronic Systems}} ({{iTherm}})},
  author = {Manda, Uday and Peles, Yoav and Putnam, Shawn},
  year = {2021},
  month = jun,
  pages = {1207--1213},
  issn = {2694-2135},
  doi = {10.1109/ITherm51669.2021.9503192},
  language = {en},
  issue_date = {2021-06}
}

@article{Markal.Kul_2022,
  title = {Combined Influence of Artificial Nucleation Site and Expanding Cross Section on Flow Boiling Performance of Micro Pin Fins},
  shorttitle = {🔤人工成核位点和扩大截面对微针翅片流动沸腾性能的综合影响},
  author = {Markal, Burak and Kul, Beyzanur},
  year = {2022},
  month = jun,
  journal = {International Communications in Heat and Mass Transfer},
  volume = {135},
  pages = {106081},
  issn = {07351933},
  doi = {10.1016/j.icheatmasstransfer.2022.106081},
  language = {en},
  issue_date = {06/2022}
}

@article{Markal.Kul.ea_2022,
  title = {Effect of Gradually Expanding Flow Passages on Flow Boiling of Micro Pin Fin Heat Sinks},
  shorttitle = {🔤逐渐扩大流道对微针翅片散热器流动沸腾的影响},
  author = {Markal, Burak and Kul, Beyzanur and Avci, Mete and Varol, Ramazan},
  year = {2022},
  month = nov,
  journal = {International Journal of Heat and Mass Transfer},
  volume = {197},
  pages = {123355},
  issn = {00179310},
  doi = {10.1016/j.ijheatmasstransfer.2022.123355},
  language = {en},
  lccn = {5.4314},
  issue_date = {11/2022}
}

@article{Matsuzawa_2002,
  title = {{{RF-SoC-expectations}} and Required Conditions},
  author = {Matsuzawa, A.},
  year = {2002},
  month = jan,
  journal = {IEEE Transactions on Microwave Theory and Techniques},
  volume = {50},
  number = {1},
  pages = {245--253},
  issn = {1557-9670},
  doi = {10.1109/22.981277},
  copyright = {4.3483},
  language = {en},
  lccn = {4.3812},
  issue_date = {2002-01}
}

@article{Meng.Zhu.ea_2018,
  title = {Natural Convection Heat Transfer of a Straight-Fin Heat Sink},
  shorttitle = {🔤直鳍散热器的自然对流传热},
  author = {Meng, Xiangrui and Zhu, Jie and Wei, Xinli and Yan, Yuying},
  year = {2018},
  month = aug,
  journal = {International Journal of Heat and Mass Transfer},
  series = {{{EI}}},
  volume = {123},
  pages = {561--568},
  issn = {0017-9310},
  doi = {10.1016/j.ijheatmasstransfer.2018.03.002},
  copyright = {5.428},
  language = {en},
  lccn = {5.4314},
  issue_date = {2018-08-01}
}

@article{Merkel.Graeber.ea_1999,
  title = {A New Technology for Fluidic Microsystems Based on {{PCB}} Technology},
  shorttitle = {🔤{{基于PCB技术的流体微系统新技术}}},
  author = {Merkel, Tobias and Graeber, Michael and Pagel, Lienhard},
  year = {1999},
  month = oct,
  journal = {Sensors and Actuators A: Physical},
  volume = {77},
  number = {2},
  pages = {98--105},
  issn = {0924-4247},
  doi = {10.1016/S0924-4247(99)00062-X},
  copyright = {3.974},
  language = {en},
  lccn = {4.2910},
  issue_date = {1999-10-12}
}

@inproceedings{Miao.Jin.ea_2013,
  title = {Investigation of Micromachined {{LTCC}} Functional Modules for High-Density {{3D SIP}} Based on {{LTCC}} Packaging Platform},
  booktitle = {2013 {{IEEE}} 63rd {{Electronic Components}} and {{Technology Conference}}},
  author = {Miao, Min and Jin, Yufeng and Fang, Runiu and Mu, Fangqing and Guo, Shichao and Zhang, Xiaoqing and Zhang, Yang and Hu, Duwei and Li, Zhensong and Xiang, Wei},
  year = {2013},
  month = may,
  pages = {1815--1822},
  issn = {2377-5726},
  doi = {10.1109/ECTC.2013.6575823},
  language = {en},
  issue_date = {2013-05}
}

@article{MokhtariMoghari.Akbarinia.ea_2011,
  title = {Two Phase Mixed Convection {{Al2O3}}\textendash Water Nanofluid Flow in an Annulus},
  shorttitle = {🔤{{两相混合对流AL2O3-水环中的纳米流体流动中的流量}}},
  author = {Mokhtari Moghari, R. and Akbarinia, A. and Shariat, M. and Talebi, F. and Laur, R.},
  year = {2011},
  month = jul,
  journal = {International Journal of Multiphase Flow},
  volume = {37},
  number = {6},
  pages = {585--595},
  issn = {0301-9322},
  doi = {10.1016/j.ijmultiphaseflow.2011.03.008},
  copyright = {3.972},
  language = {en},
  lccn = {4.0440},
  issue_date = {2011-07-01}
}

@article{Oueslati.Therriault.ea_2008,
  title = {{{PCB-Integrated Heat Exchanger}} for {{Cooling Electronics Using Microchannels Fabricated With}} the {{Direct-Write Method}}},
  shorttitle = {🔤{{PCB集成热交换器}}，用于使用直接写入方法制造的微通道冷却电子设备},
  author = {Oueslati, Ramzi Bey and Therriault, Daniel and Martel, Sylvain},
  year = {2008},
  month = dec,
  journal = {IEEE Transactions on Components and Packaging Technologies},
  volume = {31},
  number = {4},
  pages = {869--874},
  issn = {1557-9972},
  doi = {10.1109/TCAPT.2008.2004773},
  issue_date = {2008-12}
}

@article{Pan.Zhong.ea_2018,
  title = {Numerical Investigation of Fluid Flow and Heat Transfer in a Plate Microchannel Heat Exchanger with Isosceles Trapezoid-Shaped Reentrant Cavities in the Sidewall},
  shorttitle = {🔤板微通道热交换器中的流体流量和传热的数值研究},
  author = {Pan, Minqiang and Zhong, Yujian and Xu, Yufeng},
  year = {2018},
  month = sep,
  journal = {Chemical Engineering and Processing - Process Intensification},
  volume = {131},
  pages = {178--189},
  issn = {0255-2701},
  doi = {10.1016/j.cep.2018.07.018},
  copyright = {4.353},
  language = {en},
  issue_date = {2018-09-01}
}

@article{Patil.Hotta_2020,
  title = {Heat {{Transfer Characteristics}} of {{High Heat Generating Integrated Circuit Chips Cooled Using Liquid Cold Plate}}\textemdash{{A Combined Numerical}} and {{Experimental Study}}},
  shorttitle = {🔤使用液体冷板冷却的高热产生整合电路芯片的传热特性 - 一项联合数值和实验研究},
  author = {Patil, Naveen G. and Hotta, Tapano Kumar},
  year = {2020},
  month = aug,
  journal = {Journal of Thermal Science and Engineering Applications},
  volume = {13},
  number = {1},
  issn = {1948-5085},
  doi = {10.1115/1.4047564},
  copyright = {1.754},
  lccn = {1.8791},
  issue_date = {2020-08-05}
}

@article{Patil.Hotta_2022,
  title = {A {{Combined Liquid Cold Plate}} and {{Heat Sink Based Hybrid Cooling Approach}} for the {{Temperature Control}} of {{Integrated Circuit Chips}}},
  shorttitle = {🔤液体冷板和散热器的混合冷却方法，用于集成电路芯片的温度控制},
  author = {Patil, Naveen G and Hotta, Tapano Kumar},
  year = {2022},
  month = jun,
  journal = {Journal of Thermal Science and Engineering Applications},
  pages = {1--32},
  issn = {1948-5085},
  doi = {10.1115/1.4054849},
  copyright = {1.754},
  lccn = {1.8791},
  issue_date = {2022-06-20}
}

@article{Peng.Wang.ea_2022,
  title = {Cooling Chip on {{PCB}} by Embedded Active Microchannel Heat Sink},
  shorttitle = {🔤{{通过嵌入式有源微通道散热器在PCB上冷却芯片}}},
  author = {Peng, Yun-Hao and Wang, Dai-Hua and Li, Xin-Yu and Zhang, Ying},
  year = {2022},
  month = nov,
  journal = {International Journal of Heat and Mass Transfer},
  volume = {196},
  pages = {123251},
  issn = {0017-9310},
  doi = {10.1016/j.ijheatmasstransfer.2022.123251},
  copyright = {5.428},
  language = {en},
  lccn = {5.4314},
  issue_date = {2022-11-01}
}

@article{Pham-Gia.Hung_2001,
  title = {The Mean and Median Absolute Deviations},
  shorttitle = {🔤均值和中值绝对偏差},
  author = {{Pham-Gia}, T. and Hung, T. L.},
  year = {2001},
  month = oct,
  journal = {Mathematical and Computer Modelling},
  volume = {34},
  number = {7},
  pages = {921--936},
  issn = {0895-7177},
  doi = {10.1016/S0895-7177(01)00109-1},
  language = {en},
  issue_date = {2001-10-01}
}

@article{Prajapati_2019,
  title = {Influence of Fin Height on Heat Transfer and Fluid Flow Characteristics of Rectangular Microchannel Heat Sink},
  shorttitle = {🔤翅片高度对矩形微通道散热器传热及流体流动特性的影响},
  author = {Prajapati, Yogesh K.},
  year = {2019},
  month = jul,
  journal = {International Journal of Heat and Mass Transfer},
  volume = {137},
  pages = {1041--1052},
  issn = {0017-9310},
  doi = {10.1016/j.ijheatmasstransfer.2019.04.012},
  copyright = {5.4277},
  language = {en},
  lccn = {5.4314},
  issue_date = {2019-07-01}
}

@article{Qi.He.ea_2022,
  title = {Effect of Rib Diameter on Flow Boiling Heat Transfer with Staggered Rib Arrays in a Heat Sink},
  shorttitle = {🔤裂纹直径对流动式肋骨阵列在散热器中的流动热传递的影响},
  author = {Qi, Di and He, Jing and Xu, Yongsheng and Lin, Mei and Wang, Qiuwang},
  year = {2022},
  month = jan,
  journal = {Energy},
  volume = {239},
  pages = {122323},
  issn = {0360-5442},
  doi = {10.1016/j.energy.2021.122323},
  copyright = {8.234},
  language = {en},
  lccn = {8.8569},
  issue_date = {2022-01-15}
}

@article{Qian.Tang.ea_2020,
  title = {Heatsink {{Antenna Array}} for {{Millimeter-Wave Applications}}},
  shorttitle = {🔤heatsink天线阵列，用于毫米波应用},
  author = {Qian, Jiawei and Tang, Min and Zhang, Yao-Ping and Mao, Junfa},
  year = {2020},
  journal = {IEEE Transactions on Antennas and Propagation},
  volume = {68},
  number = {11},
  pages = {7664--7669},
  issn = {1558-2221},
  doi = {10.1109/TAP.2020.2979194},
  copyright = {5.005},
  lccn = {4.8242},
  issue_date = {2020}
}

@article{Qiu.Zhou.ea_2021,
  title = {Numerical Investigation of Flow Boiling Characteristics in Cobweb-Shaped Microchannel Heat Sink},
  shorttitle = {🔤蜘蛛网形的微通道散热器中流动沸腾特性的数值研究},
  author = {Qiu, Juncheng and Zhou, Jianhong and Zhao, Qi and Qin, Hanshi and Chen, Xuemei},
  year = {2021},
  month = dec,
  journal = {Case Studies in Thermal Engineering},
  volume = {28},
  pages = {101677},
  issn = {2214-157X},
  doi = {10.1016/j.csite.2021.101677},
  copyright = {5.842},
  language = {en},
  lccn = {6.2682},
  issue_date = {2021-12-01}
}

@article{Qu.Mudawar_2002,
  title = {Experimental and Numerical Study of Pressure Drop and Heat Transfer in a Single-Phase Micro-Channel Heat Sink},
  shorttitle = {🔤单相微通道散热器中的压降和热传递的实验和数值研究},
  author = {Qu, Weilin and Mudawar, Issam},
  year = {2002},
  month = jun,
  journal = {International Journal of Heat and Mass Transfer},
  volume = {45},
  number = {12},
  pages = {2549--2565},
  issn = {0017-9310},
  doi = {10.1016/S0017-9310(01)00337-4},
  copyright = {5.428},
  language = {en},
  lccn = {5.4314},
  issue_date = {2002-06-01}
}

@article{Rasouli.Naderi.ea_2018,
  title = {Pitch and Aspect Ratio Effects on Single-Phase Heat Transfer through Microscale Pin Fin Heat Sinks},
  shorttitle = {🔤俯仰和长宽比对单相热传递的影响通过显微镜销鳍散热器},
  author = {Rasouli, Erfan and Naderi, Cameron and Narayanan, Vinod},
  year = {2018},
  month = mar,
  journal = {International Journal of Heat and Mass Transfer},
  volume = {118},
  pages = {416--428},
  issn = {0017-9310},
  doi = {10.1016/j.ijheatmasstransfer.2017.10.105},
  copyright = {5.428},
  language = {en},
  lccn = {5.4314},
  issue_date = {2018-03-01}
}

@article{Sadique.Murtaza.ea_2022,
  title = {Heat Transfer Augmentation in Microchannel Heat Sink Using Secondary Flows: {{A}} Review},
  shorttitle = {Heat Transfer Augmentation in Microchannel Heat Sink Using Secondary Flows},
  author = {Sadique, Hussam and Murtaza, Qasim and {Samsher}},
  year = {2022},
  month = sep,
  journal = {International Journal of Heat and Mass Transfer},
  volume = {194},
  pages = {123063},
  issn = {0017-9310},
  doi = {10.1016/j.ijheatmasstransfer.2022.123063},
  language = {en},
  lccn = {2},
  issue_date = {2022-09-15}
}

@article{Saravanan.Umesh_2018,
  title = {Numerical Comparison for Thermo-Hydraulic Performance of Pin Fin Heat Sink with Micro Channel Pin Fin Heat Sink},
  shorttitle = {🔤带微通道针翅片散热器的针翅片散热片热液压性能数值比较},
  author = {Saravanan, V and Umesh, C K},
  year = {2018},
  month = jul,
  journal = {S\=adhan\=a},
  volume = {43},
  number = {7},
  pages = {100},
  issn = {0256-2499, 0973-7677},
  doi = {10.1007/s12046-018-0875-1},
  language = {en},
  issue_date = {7/2018}
}

@inproceedings{Schindler-Saefkow.Wittler.ea_2006,
  title = {Thermal {{Management}} in a {{3D-PCB-Package}} with {{Water Cooling}}},
  shorttitle = {🔤采用带水冷的 {{3D-PCB}} 封装中的热管理},
  booktitle = {2006 1st {{Electronic Systemintegration Technology Conference}}},
  author = {{Schindler-Saefkow}, F. and Wittler, O. and May, D. and Michel, B.},
  year = {2006},
  month = sep,
  volume = {1},
  pages = {107--110},
  doi = {10.1109/ESTC.2006.279986},
  issue_date = {2006-09}
}

@article{Service_1998,
  title = {Coming {{Soon}}: {{The Pocket DNA Sequencer}}},
  shorttitle = {🔤即将到来:{{口袋里的DNA测序仪}}},
  author = {Service, Robert・F・},
  year = {1998},
  month = oct,
  journal = {Science},
  volume = {282},
  number = {5388},
  pages = {399--401},
  publisher = {{American Association for the Advancement of Science}},
  doi = {10.1126/science.282.5388.399},
  copyright = {59.924},
  lccn = {63.7124},
  issue_date = {1998-10-16}
}

@article{Shi.Li.ea_2019,
  title = {Geometry Parameters Optimization for a Microchannel Heat Sink with Secondary Flow Channel},
  shorttitle = {🔤几何学参数优化了微型通道散热器，具有二级流量水槽},
  author = {Shi, Xiaojun and Li, Shan and Mu, Yingjie and Yin, Bangtao},
  year = {2019},
  month = may,
  journal = {International Communications in Heat and Mass Transfer},
  series = {{{EI}}},
  volume = {104},
  pages = {89--100},
  issn = {0735-1933},
  doi = {10.1016/j.icheatmasstransfer.2019.03.009},
  copyright = {6.390},
  language = {en},
  lccn = {6.7824},
  issue_date = {2019-05-01}
}

@article{Singh.Sharma_2021,
  title = {Review of Pool and Flow Boiling Heat Transfer Enhancement through Surface Modification},
  shorttitle = {🔤通过表面修饰回顾池和流量沸腾的传热增强},
  author = {Singh, Sudhir Kumar and Sharma, Deepak},
  year = {2021},
  month = dec,
  journal = {International Journal of Heat and Mass Transfer},
  volume = {181},
  pages = {122020},
  issn = {0017-9310},
  doi = {10.1016/j.ijheatmasstransfer.2021.122020},
  copyright = {5.428},
  language = {en},
  lccn = {5.4314},
  issue_date = {2021-12-01}
}

@article{Soleymani.Rahimi.ea_2020,
  title = {Performance Analysis of Hotspot Using Geometrical and Operational Parameters of a Microchannel Pin-Fin Hybrid Heat Sink},
  shorttitle = {🔤使用微通道销和操作参数对热点进行性能分析，用于微通道销钉 - 菲因 - 菲型混合散热器},
  author = {Soleymani, Z. and Rahimi, M. and Gorzin, M. and Pahamli, Y.},
  year = {2020},
  month = oct,
  journal = {International Journal of Heat and Mass Transfer},
  volume = {159},
  pages = {120141},
  issn = {0017-9310},
  doi = {10.1016/j.ijheatmasstransfer.2020.120141},
  copyright = {5.428},
  language = {en},
  lccn = {5.4314},
  issue_date = {2020-10-01}
}

@article{Song.Fu.ea_2022,
  title = {Case-Embedded Cooling for High Heat Flux Microwave Multi-Chip Array},
  shorttitle = {🔤用于高热通量微波多芯片阵列的外壳嵌入式冷却},
  author = {Song, Yunqian and Fu, Rong and Chen, Chuan and Wang, Qidong and Su, Meiying and Hou, Fengze and Zhang, Xiaobin and Li, Jun and Cao, Liqiang},
  year = {2022},
  month = sep,
  journal = {Applied Thermal Engineering},
  volume = {214},
  pages = {118852},
  issn = {1359-4311},
  doi = {10.1016/j.applthermaleng.2022.118852},
  copyright = {5.906},
  language = {en},
  lccn = {6.4650},
  issue_date = {2022-09-01}
}

@article{Tabkhi.Nayebzadeh.ea_2020,
  title = {Experimental and Numerical Local Heat Transfer Study on Micro Pin Fin with Tip Clearance},
  shorttitle = {🔤具有尖端间隙的微针翅片的实验和数值局部传热研究},
  author = {Tabkhi, Hanieh and Nayebzadeh, Arash and Peles, Yoav},
  year = {2020},
  month = oct,
  journal = {Applied Thermal Engineering},
  volume = {179},
  pages = {115756},
  issn = {13594311},
  doi = {10.1016/j.applthermaleng.2020.115756},
  language = {en},
  lccn = {6.4650},
  issue_date = {10/2020}
}

@article{Tian.Yang.ea_2019,
  title = {A Manufacturing Method of Integrated Ceramic Heat Spreaders Embedded with Interconnected Microchannels},
  author = {Tian, Bohan and Yang, Deming and Ma, Hongbin and Xu, Jiujun and Liang, Dalong},
  year = {2019},
  month = oct,
  journal = {Materials \& Design},
  volume = {180},
  pages = {107969},
  issn = {0264-1275},
  doi = {10.1016/j.matdes.2019.107969},
  copyright = {8.2718},
  language = {en},
  lccn = {9.4167},
  issue_date = {2019-10-15}
}

@article{Tuckerman.Pease_1981,
  title = {High-Performance Heat Sinking for {{VLSI}}},
  shorttitle = {🔤{{VLSI的高性能散热器}}},
  author = {Tuckerman, D.B. and Pease, R.F.W.},
  year = {1981},
  journal = {IEEE Electron Device Letters},
  series = {{{EI}}},
  volume = {2},
  number = {5},
  pages = {126--129},
  issn = {1558-0563},
  doi = {10.1109/EDL.1981.25367},
  copyright = {4.615},
  lccn = {4.8157},
  issue_date = {1981}
}

@article{Vaisi.Javaherdeh.ea_2022,
  title = {Condensation Heat Transfer Performance in Multi-Fluid Compact Heat Exchangers with Wavy and Strip Fins},
  shorttitle = {🔤带有波浪状和带状鳍的多流体紧凑型热交换器中的冷凝传热性能},
  author = {Vaisi, Ahmad and Javaherdeh, Kourosh and Moosavi, Rouhollah},
  year = {2022},
  month = jan,
  journal = {International Journal of Heat and Mass Transfer},
  volume = {182},
  pages = {121968},
  issn = {0017-9310},
  doi = {10.1016/j.ijheatmasstransfer.2021.121968},
  copyright = {5.428},
  language = {en},
  lccn = {5.4314},
  issue_date = {2022-01-01}
}

@article{Vasilev.Abiev.ea_2021,
  title = {Effect of Circular Pin-Fins Geometry and Their Arrangement on Heat Transfer Performance for Laminar Flow in Microchannel Heat Sink},
  shorttitle = {🔤圆形针翅片几何形状及其排列对微通道散热器层流传热性能的影响},
  author = {Vasilev, M. P. and Abiev, R. Sh and Kumar, R.},
  year = {2021},
  month = dec,
  journal = {International Journal of Thermal Sciences},
  volume = {170},
  pages = {107177},
  issn = {1290-0729},
  doi = {10.1016/j.ijthermalsci.2021.107177},
  copyright = {4.5710},
  language = {en},
  lccn = {4.7790},
  issue_date = {2021-12-01}
}

@article{Wang.Niu.ea_2015,
  title = {Experimental and Numerical Investigation of a Microchannel Heat Sink ({{MCHS}}) with Micro-Scale Ribs and Grooves for Chip Cooling},
  shorttitle = {🔤芯片冷却的微型肋骨和凹槽的微通道散热器（{{MCHS}}）的实验和数值研究},
  author = {Wang, Guilian and Niu, Di and Xie, Fuqiang and Wang, Yan and Zhao, Xiaolin and Ding, Guifu},
  year = {2015},
  month = jun,
  journal = {Applied Thermal Engineering},
  volume = {85},
  pages = {61--70},
  issn = {1359-4311},
  doi = {10.1016/j.applthermaleng.2015.04.009},
  copyright = {5.906},
  language = {en},
  lccn = {6.4650},
  issue_date = {2015-06-25}
}

@article{Wang.Qian.ea_2021,
  title = {Integrated Closed Cooling System for High-Power Chips},
  author = {Wang, Rui and Qian, Jiyu and Wei, Tao and Huang, Haojie},
  year = {2021},
  month = aug,
  journal = {Case Studies in Thermal Engineering},
  volume = {26},
  pages = {100954},
  issn = {2214-157X},
  doi = {10.1016/j.csite.2021.100954},
  copyright = {5.842},
  language = {en},
  lccn = {6.2682},
  issue_date = {2021-08-01}
}

@article{Wang.Zhu.ea_2022,
  title = {Heat Transfer Enhancement of Symmetric and Parallel Wavy Microchannel Heat Sinks with Secondary Branch Design},
  shorttitle = {🔤二次分支设计的对称和平行波纹微通道热沉的强化传热},
  author = {Wang, Shuo-Lin and Zhu, Ji-Feng and An, Di and Zhang, Ben-Xi and Chen, Liu-Yi and Yang, Yan-Ru and Zheng, Shao-Fei and Wang, Xiao-Dong},
  year = {2022},
  month = jan,
  journal = {International Journal of Thermal Sciences},
  series = {{{EI}}},
  volume = {171},
  pages = {107229},
  issn = {1290-0729},
  doi = {10.1016/j.ijthermalsci.2021.107229},
  copyright = {4.571},
  language = {en},
  lccn = {4.7790},
  issue_date = {2022-01-01}
}

@article{Wei.Joshi.ea_2007,
  title = {Experimental and {{Numerical Study}} of a {{Stacked Microchannel Heat Sink}} for {{Liquid Cooling}} of {{Microelectronic Devices}}},
  shorttitle = {🔤堆叠的微通道散热器的实验和数值研究，用于微电动设备的液体冷却},
  author = {Wei, Xiaojin and Joshi, Yogendra and Patterson, Michael K.},
  year = {2007},
  month = oct,
  journal = {Journal of Heat Transfer},
  volume = {129},
  number = {10},
  pages = {1432--1444},
  issn = {0022-1481, 1528-8943},
  doi = {10.1115/1.2754781},
  language = {en},
  issue_date = {2007-10-01}
}

@inproceedings{Xu_2007,
  title = {Evaluation of a {{Liquid Cooling Concept}} for {{High Power Processors}}},
  shorttitle = {🔤评估高动力处理器的液体冷却概念},
  booktitle = {Twenty-{{Third Annual IEEE Semiconductor Thermal Measurement}} and {{Management Symposium}}},
  author = {Xu, Guoping},
  year = {2007},
  month = mar,
  pages = {190--195},
  issn = {1065-2221},
  doi = {10.1109/STHERM.2007.352422},
  issue_date = {2007-03}
}

@article{Xu.Ooti.ea_2000,
  title = {Experimental Investigation of Flow Friction for Liquid Flow in Microchannels},
  shorttitle = {🔤微通道中液体流动流动摩擦的实验研究},
  author = {Xu, B. and Ooti, K. T. and Wong, N. T. and Choi, W. K.},
  year = {2000},
  month = nov,
  journal = {International Communications in Heat and Mass Transfer},
  volume = {27},
  number = {8},
  pages = {1165--1176},
  issn = {0735-1933},
  doi = {10.1016/S0735-1933(00)00203-7},
  copyright = {6.390},
  language = {en},
  lccn = {6.7824},
  issue_date = {2000-11-01}
}

@article{Yadav.Kumar.ea_2019,
  title = {Mitigation of {{Flow Maldistribution}} in {{Parallel Microchannel Heat Sink}}},
  shorttitle = {🔤平行微通道散热器中的流量元分布缓解},
  author = {Yadav, Vikas and Kumar, Ritunesh and Narain, Amitabh},
  year = {2019},
  month = feb,
  journal = {IEEE Transactions on Components, Packaging and Manufacturing Technology},
  volume = {9},
  number = {2},
  pages = {247--261},
  issn = {2156-3950, 2156-3985},
  doi = {10.1109/TCPMT.2018.2851543},
  language = {en},
  issue_date = {2/2019}
}

@article{Yan.He.ea_2020,
  title = {Influence of Hydrogels Embedding Positions on Automatic Adaptive Cooling of Hot Spot in Fractal Microchannel Heat Sink},
  shorttitle = {🔤水凝胶嵌入位置对分形微通道散热器中热点自动冷却的影响},
  author = {Yan, Yunfei and He, Ziqiang and Wu, Gange and Zhang, Li and Yang, Zhongqing and Li, Lixian},
  year = {2020},
  month = sep,
  journal = {International Journal of Thermal Sciences},
  series = {{{EI}}},
  volume = {155},
  pages = {106428},
  issn = {1290-0729},
  doi = {10.1016/j.ijthermalsci.2020.106428},
  copyright = {4.571},
  language = {en},
  lccn = {4.7790},
  issue_date = {2020-09-01}
}

@article{Yan.Wang.ea_2022,
  title = {Numerical Study on Hot Spots Thermal Management in Low Pressure Gradient Distribution Narrow Microchannel Embedded with Pin Fins},
  shorttitle = {🔤低压梯度分布中热点的数值研究狭窄的微通道狭窄的微通道嵌入了销钉鳍},
  author = {Yan, Yunfei and Wang, Dandan and Xu, Fulei and He, Ziqiang and Yang, Zhongqing},
  year = {2022},
  month = may,
  journal = {International Journal of Heat and Mass Transfer},
  volume = {186},
  pages = {122518},
  issn = {0017-9310},
  doi = {10.1016/j.ijheatmasstransfer.2021.122518},
  copyright = {5.428},
  language = {en},
  lccn = {5.4314},
  issue_date = {2022-05-01}
}

@article{YanCao.M.A.El-Shorbagy.ea_2022,
  title = {Role of Beryllium Oxide on the Thermal Efficiency of Microchannel Heat Exchanger with an Optimum Fin Structure},
  shorttitle = {🔤氧化铍在具有最佳鳍片结构的微通道热交换器的热效率上的作用},
  author = {{Yan Cao} and {M.A. El-Shorbagy} and {Kamal Sharma} and {Ayman A. Aly} and {Bassem F. Felemban}},
  year = {2022},
  month = jan,
  journal = {Ceramics International},
  series = {{{EI}}},
  doi = {10.1016/j.ceramint.2021.12.204},
  copyright = {4.683},
  lccn = {5.5321},
  annotation = {JCR: Q1 中科院大类分区: 材料科学2区 Top 中科院小类分区: 材料科学：硅酸盐1区  

影响因子: 4.527 5年影响因子: 4.049},
  issue_date = {2022-01-07}
}

@article{Yang.Du.ea_2022,
  title = {Embedded Microfluidic Cooling with Compact Double {{H}} Type Manifold Microchannels for Large-Area High-Power Chips},
  author = {Yang, Yuchi and Du, Jianyu and Li, Motong and Li, Weihao and Wang, Qi and Wen, Bo and Zhang, Chi and Jin, Yufeng and Wang, Wei},
  year = {2022},
  month = nov,
  journal = {International Journal of Heat and Mass Transfer},
  volume = {197},
  pages = {123340},
  issn = {0017-9310},
  doi = {10.1016/j.ijheatmasstransfer.2022.123340},
  language = {en},
  lccn = {5.4314},
  issue_date = {2022-11-15}
}

@article{Yang.Wang.ea_2017,
  title = {Numerical and Experimental Analysis of Cooling Performance of Single-Phase Array Microchannel Heat Sinks with Different Pin-Fin Configurations},
  shorttitle = {🔤不同针肋构型的单相阵列式微通道热沉冷却性能的数值与实验分析},
  author = {Yang, Dawei and Wang, Yan and Ding, Guifu and Jin, Zhiyu and Zhao, Junhong and Wang, Guilian},
  year = {2017},
  month = feb,
  journal = {Applied Thermal Engineering},
  volume = {112},
  pages = {1547--1556},
  issn = {1359-4311},
  doi = {10.1016/j.applthermaleng.2016.08.211},
  copyright = {5.906},
  language = {en},
  lccn = {6.4650},
  issue_date = {2017-02-05}
}

@inproceedings{Yin.Li.ea_2019,
  title = {On-Chip Heat Dissipation Design for High-Power {{SiP}} Modules with {{LTCC}} Substrates},
  booktitle = {2019 20th {{International Conference}} on {{Electronic Packaging Technology}}({{ICEPT}})},
  author = {Yin, Pengfei and Li, Yujie and Zhang, Peng and Xiao, Gang and Yuan, Hai},
  year = {2019},
  month = aug,
  pages = {1--4},
  doi = {10.1109/ICEPT47577.2019.245096},
  language = {en},
  issue_date = {2019-08}
}

@inproceedings{YU.HAN.ea_2018,
  title = {Design and {{Analysis}} of {{Microchannel}} for the {{Thermal Management}} of {{Multi-stacked LTCC Laminates}}},
  booktitle = {2018 19th {{International Conference}} on {{Electronic Packaging Technology}} ({{ICEPT}})},
  author = {YU, Hejie and HAN, Bo and MIAO, Min and CUI, Xiaole and ZHAO, Kai},
  year = {2018},
  month = aug,
  pages = {872--875},
  doi = {10.1109/ICEPT.2018.8480810},
  language = {en},
  issue_date = {2018-08}
}

@article{Zeng.Song.ea_2022,
  title = {Experimental Study on Heat Transfer and Pressure Drop Characteristics in a Microchannel Heat Exchanger Assembly with {{S-shaped}} Fins},
  author = {Zeng, Chen and Song, Yinxi and Zhou, Xiang and Zhang, Feixi and Jiao, Ming and Liu, Maolong and Gu, Hanyang},
  year = {2022},
  month = jun,
  journal = {Applied Thermal Engineering},
  volume = {210},
  pages = {118406},
  issn = {1359-4311},
  doi = {10.1016/j.applthermaleng.2022.118406},
  copyright = {5.9062},
  language = {en},
  lccn = {6.4650},
  issue_date = {2022-06-25}
}

@article{Zhang.Wu.ea_2022,
  title = {Heat Transfer Optimization Based on Finned Microchannel Heat Sink},
  shorttitle = {🔤基于鳍的微通道散热器的传热优化，开放微通道散热器的热性能可变孔鳍高度},
  author = {Zhang, Furen and Wu, Bo and Du, Bolin},
  year = {2022},
  month = feb,
  journal = {International Journal of Thermal Sciences},
  volume = {172},
  pages = {107357},
  issn = {1290-0729},
  doi = {10.1016/j.ijthermalsci.2021.107357},
  copyright = {4.571},
  language = {en},
  lccn = {4.7790},
  issue_date = {2022-02-01}
}

@inproceedings{Zhang.Zhang.ea_2009,
  title = {Simulation of Fluid Flow and Heat Transfer in Microchannel Cooling for {{LTCC}} Electronic Packages},
  booktitle = {2009 {{International Conference}} on {{Electronic Packaging Technology}} \& {{High Density Packaging}}},
  author = {Zhang, J. and Zhang, Y. F. and Miao, M. and Jin, Y. F. and Bai, S. L. and Chen, J. Q.},
  year = {2009},
  month = aug,
  pages = {327--330},
  doi = {10.1109/ICEPT.2009.5270740},
  language = {en},
  issue_date = {2009-08}
}

@article{Zhang.Zhang.ea_2015,
  title = {Fluid Flow and Heat Transfer Characteristics of Liquid Cooling Microchannels in {{LTCC}} Multilayered Packaging Substrate},
  shorttitle = {🔤{{流体流量和液体冷却微通道的传热特性I N LTCC多层包装基板}}},
  author = {Zhang, Lan-Ying and Zhang, Yang-Fei and Chen, Jia-Qi and Bai, Shu-Lin},
  year = {2015},
  month = may,
  journal = {International Journal of Heat and Mass Transfer},
  series = {{{EI}}},
  volume = {84},
  pages = {339--345},
  issn = {00179310},
  doi = {10.1016/j.ijheatmasstransfer.2014.12.079},
  copyright = {5.248},
  language = {en},
  lccn = {5.43},
  annotation = {JCR: Q1 中科院大类分区: 工程技术2区 Top 中科院小类分区: 热力学1区  工程：机械2区  力学2区  

影响因子: 5.584 5年影响因子: 5.248},
  issue_date = {05/2015}
}

@article{Zheng.Sun.ea_2021,
  title = {Numerical {{Study}} of {{Fluid Flow}} and {{Heat Transfer Characteristics}} in a {{Cone-Column Combined Heat Sink}}},
  shorttitle = {🔤数值研究流体流量和锥量混合散热器中的流体流量和传热特性},
  author = {Zheng, Wei and Sun, Jianjun and Ma, Chenbo and Yu, Qiuping and Zhang, Yuyan and Niu, Tao},
  year = {2021},
  month = jan,
  journal = {Energies},
  volume = {14},
  number = {6},
  pages = {1605},
  publisher = {{Multidisciplinary Digital Publishing Institute}},
  issn = {1996-1073},
  doi = {10.3390/en14061605},
  copyright = {3.333},
  language = {en},
  lccn = {3.2523},
  issue_date = {2021/1}
}

@article{Zhou.Chen.ea_2021,
  title = {Flow Thermohydraulic Characterization of Hierarchical-Manifold Microchannel Heat Sink with Uniform Flow Distribution},
  shorttitle = {🔤流动液压表征层次 - 曼法尔德微通道散热器均匀流动水槽与均匀流动分布},
  author = {Zhou, Jianhong and Chen, Xuemei and Zhao, Qi and Lu, Mingxiang and Hu, Dinghua and Li, Qiang},
  year = {2021},
  month = nov,
  journal = {Applied Thermal Engineering},
  series = {{{EI}}},
  volume = {198},
  pages = {117510},
  issn = {1359-4311},
  doi = {10.1016/j.applthermaleng.2021.117510},
  copyright = {5.906},
  language = {en},
  lccn = {6.4650},
  issue_date = {2021-11-05}
}

@article{Zhou.Feng.ea_2022,
  title = {Experimental Study on the Spray Cooling Heat Transfer Performance and Dimensionless Correlations for Ethylene Glycol Water Solution},
  shorttitle = {🔤乙二醇水溶液喷雾冷却传热性能及无量纲相关性实验研究},
  author = {Zhou, Nianyong and Feng, Hao and Guo, Yixing and Chen, Haifei and Liu, Wenbo and Peng, Haoping and Lei, Yun and Deng, Song and Xu, Yu},
  year = {2022},
  month = sep,
  journal = {Applied Thermal Engineering},
  volume = {214},
  pages = {118824},
  issn = {1359-4311},
  doi = {10.1016/j.applthermaleng.2022.118824},
  copyright = {5.9062},
  language = {en},
  lccn = {6.4650},
  issue_date = {2022-09-01}
}

@article{Zhu.Chang.ea_2020,
  title = {Characteristics of Heat Transfer and Fluid Flow in Microchannel Heat Sinks with Rectangular Grooves and Different Shaped Ribs},
  shorttitle = {🔤微通道散热器中的热传递和流体流量的特征，带有矩形凹槽和不同的形状肋骨效应。微通道散热器的热水动力学性能上的肋骨形状和圆角半径：{{CFD研究}}},
  author = {Zhu, Qifeng and Chang, Kunpeng and Chen, Junjie and Zhang, Xinmin and Xia, Huixue and Zhang, Hongwei and Wang, Hua and Li, Haixia and Jin, Yangyang},
  year = {2020},
  month = dec,
  journal = {Alexandria Engineering Journal},
  volume = {59},
  number = {6},
  pages = {4593--4609},
  issn = {1110-0168},
  doi = {10.1016/j.aej.2020.08.014},
  copyright = {5.615},
  language = {en},
  lccn = {6.6256},
  issue_date = {2020-12-01}
}
